3746 5650
779 1441 1062 1515 PRAEFATIO.

340 1616 535 1683 Thesauro
559 1617 776 1723 glossarum
800 1618 855 1702 qui
875 1594 929 1682 uti
941 1618 1051 1683 volent
1068 1623 1106 1683 ut
1123 1623 1209 1683 recte
1228 1623 1361 1684 utantur
1378 1640 1481 1703 pauca
1498 1641 1586 1703 prae·

253 1725 416 1790 monuisse
440 1724 520 1789 satis
542 1724 612 1790 erit.
857 1814 861 1821 ι

344 1834 370 1897 1.
394 1829 520 1917 Collegi
538 1837 571 1896 et
587 1832 692 1917 recepi
717 1832 903 1917 quidquid
926 1832 1143 1918 glossarum
1166 1837 1351 1918 quattuor
1369 1855 1463 1919 quae
1483 1833 1587 1898 edita

148 1948 159 1967 ⁹
252 1944 341 2004 sunt
368 1939 631 2004 voluminibus
660 1939 895 2023 continetur,
926 1940 990 2004 nisi
1013 1940 1140 2025 quode
1173 1940 1396 2026 colloquiis,
1427 1940 1586 2026 fabulis,

252 2046 488 2112 tractatibus
507 2047 595 2111 tertii
610 2046 783 2111 voluminis
802 2046 996 2111 notabiliora
1014 2052 1141 2111 tantum
1159 2048 1304 2132 excerpsi
1320 2048 1408 2113 tritis
1421 2046 1587 2112 vocabulis

252 2154 383 2219 omnino
403 2153 544 2218 abiectis.
590 2152 652 2217 His
671 2152 778 2217 addidi
797 2154 1064 2239 supplementa
1086 2154 1242 2239 quaedam
1262 2155 1301 2218 ab
1321 2152 1425 2219 ELIA
1445 2152 1586 2220 sualu-

251 2258 409 2325 MEYER
432 2259 492 2347 (³2.
511 2260 532 2325 f.
552 2260 695 2325 deutsch.
709 2259 862 2325 munh!
881 2283 907 2326 a.
929 2262 1013 2326 1889
1033 2284 1063 2346 p.
1082 2262 1236 2347 242sqq,
1260 2284 1287 2326 a.
1304 2261 1390 2326 1896
1408 2284 1439 2345 p.
1458 2261 1534 2343 276)
1555 2266 1587 2326 11

251 2366 276 2432 l
290 2366 331 2432 H.
348 2366 521 2432 GALLEE
536 2365 724 2454 (Altsiichs.
740 2366 1003 2451 Sprachdenkm?
1018 2369 1065 2433 ed.
1080 2391 1107 2434 a.
1124 2368 1210 2432 1894
1224 2393 1254 2453 p.
1269 2367 1332 2433 331
1345 2369 1428 2453 sqq.)
1449 2368 1516 2433 sive
1530 2390 1587 2452 pu·

251 2474 370 2539 blicata
388 2475 455 2539 1111
479 2473 618 2538 indicata
640 2473 686 2561 (h.
701 2497 726 2540 1,
750 2474 875 2560 glossas
898 2474 1178 2560 Monasterienses,
1201 2475 1455 2560 Werthinenses,
1477 2474 1587 2540 Mona-

252 2579 386 2669 censes),
404 2603 485 2665 quae
504 2581 730 2647 additamentis
744 2582 841 2667 primi
855 2582 907 2647 vel
925 2583 1054 2667 septimi
1068 2583 1243 2648 voluminis
1257 2605 1297 2647 ex
1311 2583 1422 2647 ordine
1441 2583 1586 2649 codicum

252 2689 440 2753 inserentur.
486 2686 549 2753 Sed
567 2711 608 2752 ne
626 2689 788 2754 erroribus
804 2711 886 2774 quos
902 2690 1036 2754 admisit
1050 2688 1223 2754 omnus
1243 2689 1321 2754 haec
1340 2690 1466 2775 sylloge
1483 2690 1586 2755 irreti-
1610 2737 1612 2740 ψ

251 2800 349 2880 retur,
371 2817 478 2860 meum
494 2798 526 2859 11
539 2793 773 2861 WESSNERI
792 2797 1000 2882 apographon
1014 2819 1079 2861 non
1093 2819 1158 2862 uno
1176 2796 1247 2862 loco
1267 2798 1331 2861 iam
1350 2819 1434 2861 nunc
1458 2802 1587 2862 secutus

251 2925 332 2967 sum.
377 2901 524 2986 Denique
548 2902 666 2986 partim
689 2925 729 2966 ex
752 2904 832 2967 meis
855 2902 1039 2969 schedis-
1054 2903 1203 2988 inprimis
1222 2925 1261 2968 ex
1284 2903 1470 2989 apographo
1492 2904 1587 2971 libri

253 3009 471 3095 glossarum
494 3009 679 3092 —partim
707 3032 747 3073 ex
773 3006 952 3094 LOEWII,
983 3008 1096 3094 MAII,
1122 3008 1339 3076 DVOANGII
1370 3010 1485 3076 libris
1519 3012 1587 3076 im·

251 3115 412 3200 pressis,
430 3116 508 3180 item
522 3138 562 3180 ex
575 3114 736 3180 ΡΑΡΙΑΕ
751 3115 971 3182 Elementario
987 3116 1049 3204 (ed.
1058 3116 1188 3182 Mediol.
1198 3141 1225 3182 1
1237 3116 1338 3205 1416)
1353 3123 1386 3183 11
1395 3115 1587 3184 OSBERNI

252 3221 424 3287 Panormia
442 3220 505 3310 (ed.
519 3221 558 3286 A.
572 3220 664 3288 MAI.
679 3245 705 3287 a.
723 3222 823 3309 1836)
847 3224 971 3309 glossas
995 3224 1166 3289 nonnullas
1189 3223 1331 3309 exhibui,
1354 3247 1434 3310 quas
1457 3226 1587 3309 quidem

251 3329 495 3414 quaestionibus
519 3328 754 3413 glossematicis
782 3331 855 3395 usui
882 3332 951 3396 fore
978 3330 1058 3395 mihi
1091 3331 1329 3415 persuasissem.
1375 3330 1426 3396 Ex
1448 3332 1586 3397 aliorum

250 3435 348 3501 medii
363 3439 433 3501 aevi
447 3438 549 3503 111111
567 3439 765 3523 corporibus,
783 3442 820 3502 ut
833 3436 1115 3523 HVGVCIONIS,
1129 3435 1345 3504 IOHANNIS
1358 3437 1419 3503 Du
1434 3437 1546 3506 IANV
1546 3439 1586 3525 A,

250 3542 482 3609 ΜΑΤΤΗΑΕΙ
507 3542 738 3629 SILVA'I'IOI,
769 3568 809 3610 ne
832 3545 929 3610 nimis
960 3568 978 3609 a
1005 3546 1140 3610 consilio
1163 3567 1235 3610 meo
1268 3546 1415 3611 aberrare
1447 3567 1587 3632 cogerer,

249 3651 387 3735 paucula
409 3652 564 3737 quaedam
595 3651 747 3736 delibavi,
778 3651 895 3718 hausta
923 3654 1041 3737 partim
1072 3674 1110 3717 ex
1143 3652 1380 3736 exemplaribus
1413 3654 1587 3739 impressis,

251 3758 370 3842 partim
393 3779 433 3823 ex
455 3759 535 3823 meis
559 3758 695 3844 schedis,
717 3758 835 3843 partim
859 3782 898 3823 ex
921 3760 1023 3843 copiis
1045 3757 1271 3825 DVGANGII.

340 3864 368 3928 2.
394 3863 552 3930 Glossas
580 3887 644 3930 non
667 3866 763 3930 modo
787 3866 904 3951 collegi
927 3871 983 3931 aut
1006 3866 1157 3932 collectas
1185 3866 1331 3951 exhibui,
1358 3867 1415 3932 sed
1442 3891 1509 3952 pro
1532 3869 1586 3933 vi·

250 3970 316 4035 rili
339 3976 448 4055 parte
472 3973 676 4039 emendavi.
723 3971 923 4057 Scripturam
946 3973 1103 4038 librorum
1126 3973 1183 4039 ubi
1206 3976 1342 4059 mutavi,
1371 3975 1500 4060 plenam
1523 3975 1587 4039 dis·

250 4079 446 4163 crepantiam
469 4079 546 4144 olim
579 4080 750 4165 diligenter
782 4080 967 4145 adnotatam
991 4081 1094 4145 denuo
1126 4103 1305 4166 proponere
1332 4082 1437 4166 nolui,
1471 4082 1526 4147 sed
1550 4105 1587 4147 ea

250 4189 377 4251 tantum
400 4208 482 4271 quae
505 4209 556 4251 res
584 4187 748 4271 postulare
770 4187 933 4252 videretur
956 4210 1028 4252 cum
1052 4209 1129 4252 cura
1156 4187 1270 4274 selegi,
1297 4211 1431 4274 eamque
1455 4190 1585 4254 omnino

250 4292 330 4358 mihi
348 4315 494 4358 normam
518 4316 586 4359 esse
605 4295 703 4379 volui,
725 4298 762 4358 ut
785 4316 906 4360 meras
930 4294 1062 4359 sordes
1085 4316 1313 4379 erroresque
1335 4297 1585 4362 librariorum

250 4399 453 4484 abioerem,
475 4400 618 4465 formas
641 4422 729 4465 vero
756 4400 900 4465 latinas
925 4402 1005 4466 1111
1028 4406 1203 4466 vetustas
1236 4402 1316 4467 sive
1349 4403 1586 4467 recentiores

249 4506 330 4571 sive
361 4506 542 4592 vulgares
571 4511 607 4572 et
638 4529 883 4572 romanenses
911 4511 1063 4592 praeter
1092 4508 1323 4574 tritissimas
1355 4510 1586 4574 vilissimas·

250 4634 335 4697 que,
366 4635 459 4698 quas
490 4614 632 4698 ubique
665 4634 873 4700 recoquere
905 4615 1073 4679 taedium
1106 4621 1221 4700 esset,
1254 4639 1299 4682 ne
1332 4616 1586 4681 obscurarem.

250 4718 549 4786 Emendationes
573 4721 716 4786 virorum
735 4721 911 4801 doctorum,
935 4726 971 4786 ut
991 4720 1231 4807 SCALIGERI,
1250 4721 1473 4808 VVLOANII,
1492 4722 1586 4789 SAL-

249 4825 388 4911 MASII,
421 4826 650 4911 DVCANGII,
682 4825 983 4911 curvantem,
1019 4826 1341 4915 HILDEBRANDI,
1377 4828 1587 4915 OEHLERI,

248 4931 428 5025 LOEWII,
450 4933 747 5019 BVECHELERI,
778 4933 1030 5020 ROENSCHII,
1062 4934 1246 5022 HERAEI,
1277 4936 1586 5022 DEVERLINGII,
