3746 5650
289 497 327 549 vl
852 497 1057 553 PRAEFATIO

288 659 484 745 FVNCKII,
509 660 796 746 LANDGRAFII,
819 660 1155 747 KRVMBACHERI,
1187 660 1481 747 STOWASSERI,
1504 663 1621 729 walt

287 767 423 853 RENII,
443 766 761 852 NE'P'I'LESHIPII,
783 767 1056 834 SCHLVT'I'ERI
1075 769 1211 835 aliorum
1230 792 1268 834 eo
1287 793 1351 855 quo
1369 793 1428 855 par
1445 775 1496 835 est
1514 771 1621 835 studio

288 876 422 959 adscivi,
450 897 644 961 quamquam
672 897 776 960 neque
799 898 910 940 omnes
934 898 1013 961 quas
1035 899 1187 941 noveram
1210 877 1409 942 coniecturas
1432 898 1622 943 commemo·

287 1005 357 1047 rare
390 982 483 1067 potui
514 1004 616 1067 neque
649 1004 760 1047 omnes
782 1005 834 1047 me
866 984 994 1048 novisse
1026 983 1186 1049 affirmare
1218 984 1328 1049 audeo.
1373 981 1486 1069 Itaque
1518 984 1622 1051 sicubi

287 1090 368 1155 mihi
391 1089 548 1173 adscripsi
570 1111 652 1174 quae
675 1090 739 1154 iam
763 1089 900 1154 aliorum
931 1090 1117 1155 nominibus
1149 1096 1304 1176 occupata
1331 1096 1420 1174 sunt,
1452 1112 1525 1156 cunr
1553 1091 1622 1157 sine
1664 1134 1668 1142 ι

288 1196 362 1262 dolo
385 1197 471 1261 malo
494 1196 616 1261 facturn
640 1197 691 1281 sit,
714 1218 808 1262 suurn
832 1219 991 1282 quemque
1013 1202 1156 1281 repetere
1179 1197 1303 1262 lubenti
1327 1197 1433 1261 animo
1457 1198 1570 1281 patiar.

376 1304 405 1368 3.
420 1303 614 1368 Lemmata
627 1304 750 1369 latina
764 1304 881 1388 quibus
896 1325 1009 1389 graeca
1022 1305 1143 1369 nonita
1156 1326 1258 1389 pauca
1272 1306 1462 1388 interposita
1476 1311 1552 1371 sunt
1565 1329 1622 1391 per

286 1412 413 1476 litteras
432 1411 559 1496 digessi.
605 1411 657 1476 Ex
677 1410 1038 1495 interpretamentis
1058 1434 1138 1495 quae
1157 1412 1196 1476 ad
1215 1412 1272 1476 illa
1289 1411 1442 1477 lemmata
1458 1414 1622 1497 pertinent

286 1519 414 1603 potiora
436 1518 594 1603 excerpsi,
617 1521 766 1602 excerpta
788 1517 969 1582 litterarum
993 1518 1098 1583 ordini
1126 1524 1290 1603 tamquam
1318 1518 1471 1583 lemmata
1493 1520 1622 1605 inserui,

286 1649 326 1690 ne
342 1626 439 1690 nimis
454 1626 686 1690 delitescerent.
732 1623 934 1710 Quamquam
948 1625 1124 1690 cavendum
1138 1626 1210 1711 fuit,
1228 1648 1267 1690 ne
1285 1625 1473 1691 lemmatum
1488 1648 1621 1693 numero

287 1734 355 1797 sine
389 1733 485 1797 modo
518 1736 611 1797 aucto
644 1732 785 1797 ambitus
816 1731 893 1796 libri
925 1732 1011 1796 ultra
1043 1754 1138 1817 quam
1171 1732 1220 1797 fas
1250 1737 1335 1797 esset
1371 1738 1533 1798 cresceret
1582 1731 1621 1799 In

287 1840 430 1925 glossis
453 1839 645 1905 botanicis
668 1861 750 1924 quae
773 1860 953 1924 synonyma
976 1839 1184 1905 inveniuntur
1206 1862 1271 1905 non
1295 1842 1403 1906 omnia
1425 1842 1622 1926 excerpenda

288 1948 400 2012 autin
432 1947 585 2012 lemmata
611 1946 764 2012 vertenda
795 1946 886 2032 duxi,
918 1968 991 2011 cum
1019 1947 1122 2011 multa
1144 1969 1184 2011 ne
1216 1947 1317 2012 latina
1349 1948 1478 2032 quidem
1502 1949 1567 2013 sint
1590 1955 1623 2015 et

287 2054 382 2119 facile
405 2054 445 2118 ab
468 2054 530 2139 eis,
562 2076 699 2139 quorum
725 2054 859 2118 interest
892 2075 1144 2138 synonymorum
1176 2075 1303 2118 omnem
1335 2054 1453 2120 molem
1486 2057 1622 2142 novisse,

287 2161 424 2227 inveniri
446 2161 581 2246 possint.
604 2199 649 2207 —
672 2159 894 2225 Glossarum
927 2159 1275 2246 graecolatinarum
1307 2167 1434 2246 praeter
1461 2184 1514 2227 eas
1543 2185 1622 2248 quas

287 2268 382 2333 modo
401 2268 496 2353 tetigi
515 2268 801 2351 interpretamenta
817 2267 970 2332 lemmata
986 2268 1057 2333 fieri
1076 2267 1169 2332 iussi:
1192 2267 1276 2332 unde
1298 2269 1530 2334 consectarium
1550 2270 1623 2355 fuit,

207 2359 208 2363 Ἰ
249 2361 254 2394 ³
287 2380 325 2439 ut
346 2374 631 2459 Pseudocyrilli
655 2375 712 2460 qui
735 2374 838 2439 fertur
867 2374 993 2439 diversa
1023 2373 1309 2458 interpretamenta
1330 2375 1364 2439 in
1387 2376 1522 2441 totidem
1546 2377 1622 2442 lem·

289 2487 377 2546 mata
395 2486 520 2547 mutata
536 2504 595 2566 pro
615 2482 725 2547 ordine
744 2481 925 2547 litterarum
950 2481 1160 2545 disicerentur
1183 2481 1296 2546 iisdem
1315 2482 1480 2547 vocabulis
1499 2484 1622 2569 graecis

287 2589 446 2672 repetitis:
469 2588 663 2672 ubicumque
682 2592 790 2653 tamen
812 2588 949 2652 alterum
972 2588 1293 2672 interpretamentum
1312 2611 1352 2653 ex
1371 2589 1471 2654 altero
1494 2590 1622 2655 demum

289 2717 379 2760 suam
403 2695 507 2760 lucem
530 2695 672 2778 accipere
695 2695 873 2779 videbatur,
894 2694 957 2759 hoc
979 2698 1016 2758 ut
1041 2693 1213 2758 indicarem
1231 2696 1321 2759 varia
1343 2697 1467 2761 ratione
1490 2718 1622 2780 operam

289 2803 369 2867 dedi.
417 2800 451 2884 Si
475 2803 565 2866 cuius
589 2802 736 2866 intererit
757 2801 820 2867 hoc
837 2801 888 2866 rel
911 2800 969 2866 illo
987 2801 1058 2866 loco
1081 2802 1239 2886 integram
1263 2802 1400 2867 formam
1424 2804 1622 2889 cognovisse,

289 2908 431 2994 glossam
454 2908 588 2974 evolvat.
635 2906 727 2985 Quod
751 2908 789 2972 de
812 2907 1044 2991 Pseudocyrilli
1067 2906 1185 2993 glossis
1209 2910 1352 2994 exposui,
1375 2910 1408 2974 in
1428 2910 1507 2975 alias
1531 2933 1622 2995 quas·

288 3016 361 3080 dam
395 3014 599 3080 collectiones
631 3015 888 3103 transferendum
921 3037 989 3079 esse
1022 3014 1120 3079 semel
1152 3036 1276 3081 moneo.
1321 3017 1516 3082 Lemmata
1543 3040 1623 3083 cor-

288 3127 401 3207 rupta
431 3126 487 3186 aut
514 3144 609 3187 suum
637 3121 743 3187 locum
775 3122 896 3186 habent
923 3143 962 3186 ex
991 3120 1101 3186 ordine
1133 3120 1364 3187 elementorum
1401 3125 1623 3190 emendatione

288 3229 433 3295 subiecta
455 3234 512 3293 aut
534 3250 607 3293 cum
631 3228 717 3293 sanis
740 3227 858 3314 glossis
881 3228 1052 3293 coniuncta
1074 3231 1163 3292 sunt:
1190 3228 1258 3292 sive
1280 3228 1342 3293 hoc
1366 3230 1433 3293 sive
1456 3230 1538 3295 illud
1559 3232 1622 3295 fec·

276 3341 358 3401 tum
384 3341 446 3420 est,
479 3339 515 3400 ut
545 3357 626 3419 quae
658 3335 865 3399 cohaererent
894 3334 988 3398 facile
1019 3334 1289 3419 coniungerentur
1321 3334 1425 3418 quoad
1455 3336 1525 3400 eius
1552 3336 1622 3401 fieri

289 3443 397 3527 potuit
419 3441 609 3527 plerumque
631 3442 748 3506 curavi.
793 3440 1008 3525 Partieipia
1031 3464 1050 3505 a
1071 3440 1177 3505 verbis
1201 3440 1341 3524 seiunxi,
1363 3463 1403 3505 ne
1426 3463 1559 3527 cogerer
1582 3444 1622 3508 ab

289 3549 456 3615 adiectivis
475 3536 682 3633 distinguere,
701 3548 787 3631 quod
805 3547 992 3631 saepissime
1010 3547 1210 3612 nullomodo
1224 3547 1294 3612 fieri
1313 3552 1428 3631 potest.
1473 3548 1621 3615 Placidi

287 3661 366 3721 nota
384 3655 510 3740 signavi
527 3660 560 3719 et
577 3655 733 3739 genuinas
752 3654 876 3740 glossas
891 3652 1055 3719 Placideas
1074 3659 1107 3719 et
1125 3654 1242 3718 iniuria
1259 3654 1293 3718 in
1313 3654 1475 3720 codicibus
1492 3655 1623 3722 Placido

289 3752 495 3847 adscriptas.⁴
522 3760 647 3853 Glossis
670 3761 815 3843 codicis
834 3760 1109 3845 Einsidlensis,
1137 3781 1271 3845 quarum
1295 3760 1423 3844 quidem
1448 3765 1623 3829 auctoritas

289 3869 424 3935 aliorum
447 3869 677 3954 glossariorum
701 3868 894 3933 testimoniis
917 3890 982 3932 non
1004 3867 1160 3950 firmatur,
1183 3867 1310 3949 saepius
1333 3869 1435 3932 unde?
1458 3871 1623 3955 adscripsi,

288 3981 325 4041 ut
344 3976 517 4040 iudicarem
537 3980 703 4060 suspectae
722 3975 856 4060 originis
876 3998 958 4041 esse:
981 3996 1056 4038 nam
1079 3994 1187 4038 earum
1210 3995 1285 4056 pars
1308 3978 1393 4039 certe
1417 3975 1542 4040 novicia
1565 3979 1623 4039 est.

288 4082 431 4149 Indicam
454 4090 678 4168 graecorum
701 4081 975 4146 vocabulorum
999 4081 1171 4165 septimum
1194 4079 1344 4145 volumen
1369 4082 1554 4147 continebit.

376 4191 406 4255 4.
426 4190 545 4254 Locos
569 4189 800 4273 scriptorum
815 4189 856 4252 ad
875 4211 955 4273 quos
978 4188 1130 4253 lemmata
1143 4186 1195 4251 vel
1218 4187 1502 4271 interpretamenta
1521 4189 1623 4254 redire

287 4297 457 4362 videantur
480 4297 536 4361 ubi
559 4296 784 4380 indagaveram
808 4295 954 4360 indicavi.
1000 4294 1093 4370 Quod
1116 4292 1210 4357 facile
1228 4293 1297 4358 fieri
1320 4296 1428 4378 potuit
1447 4296 1480 4359 in
1504 4295 1623 4380 glossa·

287 4403 344 4467 riis
368 4404 408 4468 ad
432 4407 535 4468 certos
559 4394 705 4466 auctores
734 4401 925 4485 eosdemque
952 4401 1203 4484 pertinentibus,
1230 4402 1323 4465 utin
1347 4401 1464 4485 glossis
1488 4400 1624 4489 Vergi-

289 4510 407 4574 lianis
430 4507 493 4596 (IV
512 4532 542 4592 p.
561 4509 625 4573 427
638 4507 736 4594 sqq),
768 4506 1013 4572 Terentianis
1042 4505 1088 4594 (V
1106 4530 1136 4591 p.
1156 4506 1221 4571 529
1233 4506 1330 4593 sqq),
1362 4506 1395 4571 N
1401 4507 1553 4571 onianis
1577 4508 1623 4592 (V

287 4640 317 4700 p.
333 4615 498 4703 6372qu
512 4614 774 4680 luvenalianis
790 4613 835 4700 (V
849 4636 878 4696 p.
894 4614 1058 4699 652sqq.),
1073 4612 1338 4678 Ciceronianis
1355 4612 1400 4698 (V
1414 4636 1444 4696 p.
1458 4614 1625 4707 ssblsqq.),

288 4721 490 4788 Ovidianis
514 4721 560 4807 (V
578 4745 608 4806 p.
628 4719 722 4806 546),
746 4720 823 4784 item
843 4719 876 4782 in
900 4718 1080 4801 glossarum
1103 4720 1278 4804 farragine,
1302 4740 1383 4802 quae
1407 4720 1513 4802 quinti
1535 4722 1624 4786 volu·

287 4830 385 4895 minis
408 4853 437 4913 p.
457 4830 523 4893 410
533 4852 602 4913 sqq.
626 4828 713 4891 edita
735 4831 793 4909 est,
816 4825 849 4889 in
873 4823 990 4908 glossis
1014 4825 1068 4889 ‘de
1097 4825 1322 4890 canonibus'
1350 4824 1384 4901 (i.
1404 4849 1429 4891 e.
1454 4850 1493 4891 ex
1521 4830 1624 4893 conci·

288 4936 406 5002 liorum
431 4936 619 5017 canonibus,
643 4955 719 4996 usus
739 4954 811 4996 sum
835 4930 1041 4994 ‘bibliotheca
1060 4932 1139 4995 iuris
1163 4932 1305 4995 canonici
1329 4934 1457 5019 veteris,
1479 4957 1576 5019 opera
1593 4939 1626 4999 et
1866 4938 1868 5005 l
