<?xml version="1.0" encoding="UTF-8"?>
<!DOCTYPE html PUBLIC "-//W3C//DTD XHTML 1.0 Transitional//EN"
    "http://www.w3.org/TR/xhtml1/DTD/xhtml1-transitional.dtd">
<html xmlns="http://www.w3.org/1999/xhtml" xml:lang="en" lang="en">
 <head>
  <title>
</title>
<meta http-equiv="Content-Type" content="text/html;charset=utf-8" />
  <meta name='ocr-system' content='tesseract 3.04.00' />
  <meta name='ocr-capabilities' content='ocr_page ocr_carea ocr_par ocr_line ocrx_word'/>
</head>
<body>
  <div class='ocr_page' id='page_1' title='image "./corpusglossario00leipgoog_0015.png"; bbox 0 0 3746 5650; ppageno 0'>
   <div class='ocr_carea' id='block_1_1' title="bbox 283 495 1092 554">
    <p class='ocr_par' dir='ltr' id='par_1_1' title="bbox 283 495 1092 554">
     <span class='ocr_line' id='line_1_1' title="bbox 283 495 1092 554; baseline 0.002 -3"><span class='ocrx_word' id='word_1_1' title='bbox 283 495 347 551; x_wconf 91' lang='lat' dir='ltr'>Vlll</span> <span class='ocrx_word' id='word_1_2' title='bbox 844 497 1051 554; x_wconf 75' lang='lat' dir='ltr'>PRAEFATIO</span> <span class='ocrx_word' id='word_1_3' title='bbox 1088 528 1092 535; x_wconf 88' lang='lat'><em>-</em></span> 
     </span>
    </p>
   </div>
   <div class='ocr_carea' id='block_1_2' title="bbox 282 660 1621 2032">
    <p class='ocr_par' dir='ltr' id='par_1_2' title="bbox 282 660 1621 2032">
     <span class='ocr_line' id='line_1_2' title="bbox 283 660 1620 749; baseline 0.003 -24"><span class='ocrx_word' id='word_1_4' title='bbox 283 660 486 726; x_wconf 87' lang='lat' dir='ltr'>Aureliani</span> <span class='ocrx_word' id='word_1_5' title='bbox 507 661 706 747; x_wconf 90' lang='lat' dir='ltr'>aliorumque</span> <span class='ocrx_word' id='word_1_6' title='bbox 725 663 877 747; x_wconf 83' lang='lat' dir='ltr'>volutari,</span> <span class='ocrx_word' id='word_1_7' title='bbox 900 664 1000 727; x_wconf 90' lang='lat' dir='ltr'>libros</span> <span class='ocrx_word' id='word_1_8' title='bbox 1022 662 1286 748; x_wconf 80' lang='lat' dir='ltr'>BLANCARDI,</span> <span class='ocrx_word' id='word_1_9' title='bbox 1304 662 1620 749; x_wconf 80' lang='lat' dir='ltr'>LANGKAVELII,</span> 
     </span>
     <span class='ocr_line' id='line_1_3' title="bbox 285 766 1619 854; baseline 0.002 -23"><span class='ocrx_word' id='word_1_10' title='bbox 285 766 696 835; x_wconf 75' lang='lat' dir='ltr'><strong>FISCHER-BENZONII</strong></span> <span class='ocrx_word' id='word_1_11' title='bbox 714 769 849 854; x_wconf 81' lang='lat' dir='ltr'>inspexi,</span> <span class='ocrx_word' id='word_1_12' title='bbox 867 771 1152 836; x_wconf 70' lang='lat' dir='ltr'>commentationes</span> <span class='ocrx_word' id='word_1_13' title='bbox 1171 768 1224 835; x_wconf 91' lang='grc' dir='ltr'>ΙΟ.</span> <span class='ocrx_word' id='word_1_14' title='bbox 1240 768 1475 854; x_wconf 80' lang='lat' dir='ltr'>SCHMIDTII,</span> <span class='ocrx_word' id='word_1_15' title='bbox 1495 770 1619 835; x_wconf 73' lang='lat' dir='ltr'>STAB-</span> 
     </span>
     <span class='ocr_line' id='line_1_4' title="bbox 284 873 1619 963; baseline 0.003 -25"><span class='ocrx_word' id='word_1_16' title='bbox 284 873 402 959; x_wconf 73' lang='lat' dir='ltr'>Luni,</span> <span class='ocrx_word' id='word_1_17' title='bbox 425 874 698 961; x_wconf 83' lang='lat' dir='ltr'>AVRACHERI,</span> <span class='ocrx_word' id='word_1_18' title='bbox 722 875 999 942; x_wconf 82' lang='lat' dir='ltr'>WELLMANNI</span> <span class='ocrx_word' id='word_1_19' title='bbox 1018 900 1082 942; x_wconf 92' lang='lat' dir='ltr'>non</span> <span class='ocrx_word' id='word_1_20' title='bbox 1105 877 1246 963; x_wconf 81' lang='lat' dir='ltr'>neglexi:</span> <span class='ocrx_word' id='word_1_21' title='bbox 1270 899 1406 962; x_wconf 91' lang='lat' dir='ltr'>quorum</span> <span class='ocrx_word' id='word_1_22' title='bbox 1426 878 1555 962; x_wconf 86' lang='lat' dir='ltr'>quidem</span> <span class='ocrx_word' id='word_1_23' title='bbox 1575 879 1619 942; x_wconf 85' lang='lat' dir='ltr'>vi·</span> 
     </span>
     <span class='ocr_line' id='line_1_5' title="bbox 283 983 1619 1068; baseline 0.001 -23"><span class='ocrx_word' id='word_1_24' title='bbox 283 1004 392 1046; x_wconf 89' lang='lat' dir='ltr'>rorum</span> <span class='ocrx_word' id='word_1_25' title='bbox 412 1003 510 1067; x_wconf 91' lang='lat' dir='ltr'>opera</span> <span class='ocrx_word' id='word_1_26' title='bbox 527 983 631 1048; x_wconf 88' lang='lat' dir='ltr'>multa</span> <span class='ocrx_word' id='word_1_27' title='bbox 648 984 815 1048; x_wconf 90' lang='lat' dir='ltr'>commode</span> <span class='ocrx_word' id='word_1_28' title='bbox 838 985 989 1067; x_wconf 89' lang='lat' dir='ltr'>explicari</span> <span class='ocrx_word' id='word_1_29' title='bbox 1010 989 1042 1049; x_wconf 88' lang='lat' dir='ltr'>et</span> <span class='ocrx_word' id='word_1_30' title='bbox 1065 985 1227 1049; x_wconf 88' lang='lat' dir='ltr'>emendari</span> <span class='ocrx_word' id='word_1_31' title='bbox 1250 989 1432 1068; x_wconf 87' lang='lat' dir='ltr'>potuerunt.</span> <span class='ocrx_word' id='word_1_32' title='bbox 1478 984 1619 1049; x_wconf 92' lang='lat' dir='ltr'>Pseud·</span> 
     </span>
     <span class='ocr_line' id='line_1_6' title="bbox 284 1089 1619 1176; baseline 0.002 -24"><span class='ocrx_word' id='word_1_33' title='bbox 284 1089 411 1173; x_wconf 80' lang='lat' dir='ltr'>apulei</span> <span class='ocrx_word' id='word_1_34' title='bbox 446 1089 585 1154; x_wconf 77' lang='lat' dir='ltr'>editione</span> <span class='ocrx_word' id='word_1_35' title='bbox 616 1112 694 1155; x_wconf 88' lang='lat' dir='ltr'>usus</span> <span class='ocrx_word' id='word_1_36' title='bbox 725 1113 796 1155; x_wconf 90' lang='lat' dir='ltr'>sum</span> <span class='ocrx_word' id='word_1_37' title='bbox 821 1089 1118 1156; x_wconf 80' lang='lat' dir='ltr'><strong>ACKERMANNI</strong></span> <span class='ocrx_word' id='word_1_38' title='bbox 1145 1113 1249 1176; x_wconf 89' lang='lat' dir='ltr'>neque</span> <span class='ocrx_word' id='word_1_39' title='bbox 1276 1092 1444 1156; x_wconf 88' lang='lat' dir='ltr'>emendata</span> <span class='ocrx_word' id='word_1_40' title='bbox 1476 1092 1555 1156; x_wconf 87' lang='lat' dir='ltr'>satis</span> <span class='ocrx_word' id='word_1_41' title='bbox 1587 1096 1619 1155; x_wconf 87' lang='lat' dir='ltr'>et</span> 
     </span>
     <span class='ocr_line' id='line_1_7' title="bbox 284 1196 1620 1281; baseline 0.001 -22"><span class='ocrx_word' id='word_1_42' title='bbox 284 1196 490 1281; x_wconf 89' lang='lat' dir='ltr'>interpolata:</span> <span class='ocrx_word' id='word_1_43' title='bbox 533 1219 591 1261; x_wconf 90' lang='lat' dir='ltr'>nec</span> <span class='ocrx_word' id='word_1_44' title='bbox 628 1198 741 1262; x_wconf 91' lang='lat' dir='ltr'>dubito</span> <span class='ocrx_word' id='word_1_45' title='bbox 778 1198 856 1281; x_wconf 92' lang='lat' dir='ltr'>quin</span> <span class='ocrx_word' id='word_1_46' title='bbox 893 1198 996 1262; x_wconf 91' lang='lat' dir='ltr'>multa</span> <span class='ocrx_word' id='word_1_47' title='bbox 1031 1199 1150 1263; x_wconf 88' lang='lat' dir='ltr'>rectius</span> <span class='ocrx_word' id='word_1_48' title='bbox 1191 1202 1388 1262; x_wconf 74' lang='lat' dir='ltr'>tractaturus</span> <span class='ocrx_word' id='word_1_49' title='bbox 1424 1199 1555 1281; x_wconf 85' lang='lat' dir='ltr'>fuerim,</span> <span class='ocrx_word' id='word_1_50' title='bbox 1592 1198 1620 1261; x_wconf 85' lang='lat' dir='ltr'>si</span> 
     </span>
     <span class='ocr_line' id='line_1_8' title="bbox 283 1300 1620 1389; baseline 0.003 -24"><span class='ocrx_word' id='word_1_51' title='bbox 283 1300 522 1367; x_wconf 79' lang='lat' dir='ltr'>KOEBERTII</span> <span class='ocrx_word' id='word_1_52' title='bbox 550 1304 649 1368; x_wconf 86' lang='lat' dir='ltr'>editio</span> <span class='ocrx_word' id='word_1_53' title='bbox 683 1304 801 1368; x_wconf 90' lang='lat' dir='ltr'>dudum</span> <span class='ocrx_word' id='word_1_54' title='bbox 835 1309 1019 1388; x_wconf 82' lang='lat' dir='ltr'>exspectata</span> <span class='ocrx_word' id='word_1_55' title='bbox 1050 1310 1178 1389; x_wconf 90' lang='lat' dir='ltr'>praesto</span> <span class='ocrx_word' id='word_1_56' title='bbox 1210 1305 1334 1369; x_wconf 88' lang='lat' dir='ltr'>fuisset.</span> <span class='ocrx_word' id='word_1_57' title='bbox 1386 1304 1473 1382; x_wconf 87' lang='lat' dir='ltr'>Quae</span> <span class='ocrx_word' id='word_1_58' title='bbox 1505 1304 1557 1369; x_wconf 92' lang='lat' dir='ltr'>his</span> <span class='ocrx_word' id='word_1_59' title='bbox 1587 1308 1620 1369; x_wconf 94' lang='lat' dir='ltr'>et</span> 
     </span>
     <span class='ocr_line' id='line_1_9' title="bbox 283 1400 1621 1496; baseline 0.002 -23"><span class='ocrx_word' id='word_1_60' title='bbox 283 1409 356 1474; x_wconf 90' lang='lat' dir='ltr'>aliis</span> <span class='ocrx_word' id='word_1_61' title='bbox 380 1410 533 1474; x_wconf 87' lang='lat' dir='ltr'>subsidiis</span> <span class='ocrx_word' id='word_1_62' title='bbox 552 1410 683 1476; x_wconf 88' lang='lat' dir='ltr'>adscitis</span> <span class='ocrx_word' id='word_1_63' title='bbox 701 1411 806 1495; x_wconf 88' lang='lat' dir='ltr'>magis</span> <span class='ocrx_word' id='word_1_64' title='bbox 830 1412 1039 1496; x_wconf 88' lang='lat' dir='ltr'>grammatica</span> <span class='ocrx_word' id='word_1_65' title='bbox 1057 1400 1159 1476; x_wconf 79' lang='lat' dir='ltr'>fretus</span> <span class='ocrx_word' id='word_1_66' title='bbox 1183 1412 1328 1476; x_wconf 89' lang='lat' dir='ltr'>doctrina</span> <span class='ocrx_word' id='word_1_67' title='bbox 1351 1434 1446 1496; x_wconf 91' lang='lat' dir='ltr'>quam</span> <span class='ocrx_word' id='word_1_68' title='bbox 1469 1413 1621 1477; x_wconf 85' lang='lat' dir='ltr'>butanica</span> 
     </span>
     <span class='ocr_line' id='line_1_10' title="bbox 284 1516 1619 1604; baseline 0.001 -24"><span class='ocrx_word' id='word_1_69' title='bbox 284 1518 544 1602; x_wconf 76' lang='lat' dir='ltr'>conscripseram,</span> <span class='ocrx_word' id='word_1_70' title='bbox 563 1539 600 1582; x_wconf 91' lang='lat' dir='ltr'>ea</span> <span class='ocrx_word' id='word_1_71' title='bbox 619 1517 695 1582; x_wconf 92' lang='lat' dir='ltr'>dum</span> <span class='ocrx_word' id='word_1_72' title='bbox 714 1518 862 1604; x_wconf 76' lang='lat' dir='ltr'>plagulae</span> <span class='ocrx_word' id='word_1_73' title='bbox 881 1518 1091 1584; x_wconf 89' lang='lat' dir='ltr'>emendantur</span> <span class='ocrx_word' id='word_1_74' title='bbox 1109 1516 1389 1583; x_wconf 79' lang='lat' dir='ltr'><strong>HERMANNVS</strong></span> <span class='ocrx_word' id='word_1_75' title='bbox 1409 1517 1619 1602; x_wconf 80' lang='lat' dir='ltr'>STADLER,</span> 
     </span>
     <span class='ocr_line' id='line_1_11' title="bbox 283 1623 1619 1710; baseline 0.001 -23"><span class='ocrx_word' id='word_1_76' title='bbox 283 1625 334 1687; x_wconf 88' lang='lat' dir='ltr'>vir</span> <span class='ocrx_word' id='word_1_77' title='bbox 352 1624 449 1688; x_wconf 88' lang='lat' dir='ltr'>etiam</span> <span class='ocrx_word' id='word_1_78' title='bbox 472 1624 693 1689; x_wconf 87' lang='lat' dir='ltr'>botanicarum</span> <span class='ocrx_word' id='word_1_79' title='bbox 718 1627 942 1710; x_wconf 87' lang='lat' dir='ltr'>quaestionum</span> <span class='ocrx_word' id='word_1_80' title='bbox 966 1626 1195 1710; x_wconf 89' lang='lat' dir='ltr'>peritissimus,</span> <span class='ocrx_word' id='word_1_81' title='bbox 1221 1647 1316 1710; x_wconf 92' lang='lat' dir='ltr'>quem</span> <span class='ocrx_word' id='word_1_82' title='bbox 1340 1623 1619 1690; x_wconf 79' lang='lat' dir='ltr'>KOEBERTIVS</span> 
     </span>
     <span class='ocr_line' id='line_1_12' title="bbox 283 1730 1616 1817; baseline 0.001 -23"><span class='ocrx_word' id='word_1_83' title='bbox 283 1730 460 1795; x_wconf 86' lang='lat' dir='ltr'>liberaliter</span> <span class='ocrx_word' id='word_1_84' title='bbox 483 1731 524 1795; x_wconf 89' lang='lat' dir='ltr'>ad</span> <span class='ocrx_word' id='word_1_85' title='bbox 546 1736 736 1815; x_wconf 88' lang='lat' dir='ltr'>apparatum</span> <span class='ocrx_word' id='word_1_86' title='bbox 760 1754 854 1797; x_wconf 90' lang='lat' dir='ltr'>suum</span> <span class='ocrx_word' id='word_1_87' title='bbox 878 1732 1017 1816; x_wconf 82' lang='lat' dir='ltr'>admisit,</span> <span class='ocrx_word' id='word_1_88' title='bbox 1040 1754 1110 1796; x_wconf 91' lang='lat' dir='ltr'>meo</span> <span class='ocrx_word' id='word_1_89' title='bbox 1129 1736 1244 1817; x_wconf 88' lang='lat' dir='ltr'>rogatu</span> <span class='ocrx_word' id='word_1_90' title='bbox 1269 1731 1406 1816; x_wconf 89' lang='lat' dir='ltr'>benigne</span> <span class='ocrx_word' id='word_1_91' title='bbox 1430 1732 1530 1797; x_wconf 88' lang='lat' dir='ltr'>oculis</span> <span class='ocrx_word' id='word_1_92' title='bbox 1548 1754 1616 1816; x_wconf 91' lang='lat' dir='ltr'>per·</span> 
     </span>
     <span class='ocr_line' id='line_1_13' title="bbox 282 1837 1619 1923; baseline 0 -22"><span class='ocrx_word' id='word_1_93' title='bbox 282 1837 447 1921; x_wconf 83' lang='lat' dir='ltr'>lustravit,</span> <span class='ocrx_word' id='word_1_94' title='bbox 473 1859 536 1901; x_wconf 92' lang='lat' dir='ltr'>non</span> <span class='ocrx_word' id='word_1_95' title='bbox 561 1838 660 1903; x_wconf 92' lang='lat' dir='ltr'>semel</span> <span class='ocrx_word' id='word_1_96' title='bbox 692 1838 855 1923; x_wconf 80' lang='lat' dir='ltr'>supplevit</span> <span class='ocrx_word' id='word_1_97' title='bbox 878 1843 934 1903; x_wconf 90' lang='lat' dir='ltr'>aut</span> <span class='ocrx_word' id='word_1_98' title='bbox 963 1839 1115 1923; x_wconf 85' lang='lat' dir='ltr'>correxit,</span> <span class='ocrx_word' id='word_1_99' title='bbox 1144 1839 1250 1903; x_wconf 85' lang='lat' dir='ltr'>fontes</span> <span class='ocrx_word' id='word_1_100' title='bbox 1279 1839 1446 1922; x_wconf 87' lang='lat' dir='ltr'>indicavit,</span> <span class='ocrx_word' id='word_1_101' title='bbox 1477 1838 1619 1903; x_wconf 81' lang='lat' dir='ltr'>maculas</span> 
     </span>
     <span class='ocr_line' id='line_1_14' title="bbox 283 1944 1620 2032; baseline 0.001 -26"><span class='ocrx_word' id='word_1_102' title='bbox 283 1944 433 2009; x_wconf 85' lang='lat' dir='ltr'>removit:</span> <span class='ocrx_word' id='word_1_103' title='bbox 466 1945 557 2009; x_wconf 89' lang='lat' dir='ltr'>cuius</span> <span class='ocrx_word' id='word_1_104' title='bbox 591 1945 814 2011; x_wconf 85' lang='lat' dir='ltr'>adnotationes</span> <span class='ocrx_word' id='word_1_105' title='bbox 846 1946 1046 2031; x_wconf 79' lang='lat' dir='ltr'>marginibus</span> <span class='ocrx_word' id='word_1_106' title='bbox 1077 1945 1217 2010; x_wconf 87' lang='lat' dir='ltr'>adiectas</span> <span class='ocrx_word' id='word_1_107' title='bbox 1250 1946 1336 2030; x_wconf 92' lang='lat' dir='ltr'>quod</span> <span class='ocrx_word' id='word_1_108' title='bbox 1367 1946 1430 2010; x_wconf 88' lang='lat' dir='ltr'>loci</span> <span class='ocrx_word' id='word_1_109' title='bbox 1461 1945 1620 2032; x_wconf 86' lang='lat' dir='ltr'>angustiis</span> 
     </span>
    </p>
   </div>
   <div class='ocr_carea' id='block_1_3' title="bbox 152 2052 1621 2465">
    <p class='ocr_par' dir='ltr' id='par_1_3' title="bbox 152 2052 1621 2465">
     <span class='ocr_line' id='line_1_15' title="bbox 283 2052 1619 2137; baseline 0.001 -22"><span class='ocrx_word' id='word_1_110' title='bbox 283 2073 414 2134; x_wconf 89' lang='lat' dir='ltr'>pressus</span> <span class='ocrx_word' id='word_1_111' title='bbox 444 2073 547 2135; x_wconf 91' lang='lat' dir='ltr'>neque</span> <span class='ocrx_word' id='word_1_112' title='bbox 580 2074 691 2116; x_wconf 89' lang='lat' dir='ltr'>omnes</span> <span class='ocrx_word' id='word_1_113' title='bbox 723 2075 826 2137; x_wconf 89' lang='lat' dir='ltr'>neque</span> <span class='ocrx_word' id='word_1_114' title='bbox 853 2053 964 2137; x_wconf 90' lang='lat' dir='ltr'>plenas</span> <span class='ocrx_word' id='word_1_115' title='bbox 994 2052 1144 2117; x_wconf 83' lang='lat' dir='ltr'>exhibere</span> <span class='ocrx_word' id='word_1_116' title='bbox 1166 2053 1259 2137; x_wconf 91' lang='lat' dir='ltr'>potui</span> <span class='ocrx_word' id='word_1_117' title='bbox 1290 2052 1495 2117; x_wconf 85' lang='lat' dir='ltr'>vehementer</span> <span class='ocrx_word' id='word_1_118' title='bbox 1519 2052 1619 2117; x_wconf 91' lang='lat' dir='ltr'>doleo.</span> 
     </span>
     <span class='ocr_line' id='line_1_16' title="bbox 152 2157 1619 2245; baseline 0 -24"><span class='ocrx_word' id='word_1_119' title='bbox 152 2229 157 2240; x_wconf 46' lang='lat'>,</span> <span class='ocrx_word' id='word_1_120' title='bbox 284 2157 440 2222; x_wconf 84' lang='lat' dir='ltr'>Formas</span> <span class='ocrx_word' id='word_1_121' title='bbox 458 2158 747 2225; x_wconf 88' lang='lat' dir='ltr'>recentissimas</span> <span class='ocrx_word' id='word_1_122' title='bbox 760 2160 875 2224; x_wconf 89' lang='lat' dir='ltr'>harum</span> <span class='ocrx_word' id='word_1_123' title='bbox 894 2160 1075 2245; x_wconf 88' lang='lat' dir='ltr'>glossarum</span> <span class='ocrx_word' id='word_1_124' title='bbox 1089 2160 1123 2222; x_wconf 92' lang='lat' dir='ltr'>in</span> <span class='ocrx_word' id='word_1_125' title='bbox 1141 2159 1326 2224; x_wconf 83' lang='lat' dir='ltr'>universum</span> <span class='ocrx_word' id='word_1_126' title='bbox 1346 2163 1503 2242; x_wconf 88' lang='lat' dir='ltr'>temptare</span> <span class='ocrx_word' id='word_1_127' title='bbox 1521 2159 1619 2222; x_wconf 93' lang='lat' dir='ltr'>nolui.</span> 
     </span>
     <span class='ocr_line' id='line_1_17' title="bbox 332 2264 1619 2351; baseline 0.001 -24"><span class='ocrx_word' id='word_1_128' title='bbox 332 2281 339 2299; x_wconf 91' lang='lat'><strong>·</strong></span> <span class='ocrx_word' id='word_1_129' title='bbox 373 2265 402 2328; x_wconf 83' lang='lat'>6.</span> <span class='ocrx_word' id='word_1_130' title='bbox 439 2264 597 2330; x_wconf 83' lang='lat' dir='ltr'>Glossas</span> <span class='ocrx_word' id='word_1_131' title='bbox 629 2266 952 2351; x_wconf 85' lang='lat' dir='ltr'>anglosaxonicas</span> <span class='ocrx_word' id='word_1_132' title='bbox 985 2266 1130 2331; x_wconf 90' lang='lat' dir='ltr'>codicum</span> <span class='ocrx_word' id='word_1_133' title='bbox 1162 2265 1424 2350; x_wconf 83' lang='lat' dir='ltr'>Amploniani,</span> <span class='ocrx_word' id='word_1_134' title='bbox 1460 2264 1619 2350; x_wconf 88' lang='lat' dir='ltr'>collegii</span> 
     </span>
     <span class='ocr_line' id='line_1_18' title="bbox 170 2371 1621 2465; baseline 0 -30"><span class='ocrx_word' id='word_1_135' title='bbox 170 2456 175 2465; x_wconf 29' lang='grc'>1</span> <span class='ocrx_word' id='word_1_136' title='bbox 284 2372 459 2456; x_wconf 88' lang='lat' dir='ltr'>corporis</span> <span class='ocrx_word' id='word_1_137' title='bbox 497 2371 645 2437; x_wconf 83' lang='lat' dir='ltr'>Christi</span> <span class='ocrx_word' id='word_1_138' title='bbox 683 2371 1032 2458; x_wconf 70' lang='lat' dir='ltr'>cantabrigiensis,</span> <span class='ocrx_word' id='word_1_139' title='bbox 1068 2372 1269 2438; x_wconf 88' lang='lat' dir='ltr'>Leidensis</span> <span class='ocrx_word' id='word_1_140' title='bbox 1304 2372 1375 2436; x_wconf 86' lang='lat' dir='ltr'>fieri</span> <span class='ocrx_word' id='word_1_141' title='bbox 1411 2393 1476 2436; x_wconf 91' lang='lat' dir='ltr'>non</span> <span class='ocrx_word' id='word_1_142' title='bbox 1513 2372 1621 2455; x_wconf 90' lang='lat' dir='ltr'>potuit</span> 
     </span>
    </p>
   </div>
   <div class='ocr_carea' id='block_1_4' title="bbox 286 2477 1620 2564">
    <p class='ocr_par' dir='ltr' id='par_1_4' title="bbox 286 2477 1620 2564">
     <span class='ocr_line' id='line_1_19' title="bbox 286 2477 1620 2564; baseline -0.001 -21"><span class='ocrx_word' id='word_1_143' title='bbox 286 2483 323 2543; x_wconf 89' lang='lat' dir='ltr'>ut</span> <span class='ocrx_word' id='word_1_144' title='bbox 357 2500 488 2563; x_wconf 89' lang='lat' dir='ltr'>prorsus</span> <span class='ocrx_word' id='word_1_145' title='bbox 525 2479 740 2545; x_wconf 82' lang='lat' dir='ltr'>excluderem:</span> <span class='ocrx_word' id='word_1_146' title='bbox 778 2502 913 2564; x_wconf 86' lang='lat' dir='ltr'>quarum</span> <span class='ocrx_word' id='word_1_147' title='bbox 951 2501 1144 2564; x_wconf 91' lang='lat' dir='ltr'>quamquam</span> <span class='ocrx_word' id='word_1_148' title='bbox 1181 2478 1267 2544; x_wconf 90' lang='lat' dir='ltr'>haud</span> <span class='ocrx_word' id='word_1_149' title='bbox 1304 2501 1423 2563; x_wconf 84' lang='lat' dir='ltr'>paucae</span> <span class='ocrx_word' id='word_1_150' title='bbox 1459 2477 1620 2543; x_wconf 89' lang='lat' dir='ltr'>indicibus</span> 
     </span>
    </p>
   </div>
   <div class='ocr_carea' id='block_1_5' title="bbox 285 2583 1623 4479">
    <p class='ocr_par' dir='ltr' id='par_1_5' title="bbox 285 2583 1623 3523">
     <span class='ocr_line' id='line_1_20' title="bbox 286 2583 1619 2671; baseline -0.001 -22"><span class='ocrx_word' id='word_1_151' title='bbox 286 2583 503 2649; x_wconf 77' lang='lat' dir='ltr'><strong>WRIGHTII</strong></span> <span class='ocrx_word' id='word_1_152' title='bbox 535 2591 568 2650; x_wconf 90' lang='lat' dir='ltr'>et</span> <span class='ocrx_word' id='word_1_153' title='bbox 595 2584 876 2671; x_wconf 78' lang='lat' dir='ltr'>WVELOKERI,</span> <span class='ocrx_word' id='word_1_154' title='bbox 907 2584 1147 2669; x_wconf 83' lang='lat' dir='ltr'>HESSELSII,</span> <span class='ocrx_word' id='word_1_155' title='bbox 1177 2583 1510 2668; x_wconf 80' lang='lat' dir='ltr'>DIEFENBACHH,</span> <span class='ocrx_word' id='word_1_156' title='bbox 1542 2586 1619 2649; x_wconf 89' lang='lat' dir='ltr'>item</span> 
     </span>
     <span class='ocr_line' id='line_1_21' title="bbox 285 2689 1619 2776; baseline -0.001 -19"><span class='ocrx_word' id='word_1_157' title='bbox 285 2692 378 2757; x_wconf 91' lang='lat' dir='ltr'>libris</span> <span class='ocrx_word' id='word_1_158' title='bbox 401 2697 434 2757; x_wconf 88' lang='lat' dir='ltr'>et</span> <span class='ocrx_word' id='word_1_159' title='bbox 457 2693 782 2757; x_wconf 87' lang='lat' dir='ltr'>commentationibus</span> <span class='ocrx_word' id='word_1_160' title='bbox 806 2690 1007 2776; x_wconf 77' lang='lat' dir='ltr'>SWEETH,</span> <span class='ocrx_word' id='word_1_161' title='bbox 1031 2689 1264 2775; x_wconf 81' lang='lat' dir='ltr'>SIEVERSII,</span> <span class='ocrx_word' id='word_1_162' title='bbox 1287 2690 1454 2775; x_wconf 83' lang='lat' dir='ltr'>KLVGII,</span> <span class='ocrx_word' id='word_1_163' title='bbox 1479 2690 1619 2764; x_wconf 77' lang='lat' dir='ltr'>STEIN-</span> 
     </span>
     <span class='ocr_line' id='line_1_22' title="bbox 285 2797 1619 2884; baseline -0.002 -20"><span class='ocrx_word' id='word_1_164' title='bbox 285 2798 458 2864; x_wconf 83' lang='lat' dir='ltr'>MEYERI</span> <span class='ocrx_word' id='word_1_165' title='bbox 482 2799 635 2863; x_wconf 87' lang='lat' dir='ltr'>adhibitis</span> <span class='ocrx_word' id='word_1_166' title='bbox 659 2821 678 2862; x_wconf 91' lang='lat' dir='ltr'>a</span> <span class='ocrx_word' id='word_1_167' title='bbox 700 2822 751 2864; x_wconf 91' lang='lat' dir='ltr'>me</span> <span class='ocrx_word' id='word_1_168' title='bbox 774 2799 906 2864; x_wconf 89' lang='lat' dir='ltr'>tractari</span> <span class='ocrx_word' id='word_1_169' title='bbox 928 2803 1116 2884; x_wconf 89' lang='lat' dir='ltr'>potuerunt,</span> <span class='ocrx_word' id='word_1_170' title='bbox 1139 2821 1211 2862; x_wconf 86' lang='lat' dir='ltr'>curn</span> <span class='ocrx_word' id='word_1_171' title='bbox 1235 2803 1342 2862; x_wconf 88' lang='lat' dir='ltr'>tamen</span> <span class='ocrx_word' id='word_1_172' title='bbox 1368 2797 1489 2863; x_wconf 89' lang='lat' dir='ltr'>multae</span> <span class='ocrx_word' id='word_1_173' title='bbox 1512 2820 1619 2882; x_wconf 90' lang='lat' dir='ltr'>super·</span> 
     </span>
     <span class='ocr_line' id='line_1_23' title="bbox 285 2902 1619 2990; baseline -0.004 -19"><span class='ocrx_word' id='word_1_174' title='bbox 285 2910 406 2990; x_wconf 87' lang='lat' dir='ltr'>essent,</span> <span class='ocrx_word' id='word_1_175' title='bbox 437 2927 517 2989; x_wconf 90' lang='lat' dir='ltr'>quas</span> <span class='ocrx_word' id='word_1_176' title='bbox 547 2928 586 2969; x_wconf 90' lang='lat' dir='ltr'>ne</span> <span class='ocrx_word' id='word_1_177' title='bbox 619 2906 777 2990; x_wconf 86' lang='lat' dir='ltr'>attingere</span> <span class='ocrx_word' id='word_1_178' title='bbox 809 2906 937 2990; x_wconf 90' lang='lat' dir='ltr'>quidem</span> <span class='ocrx_word' id='word_1_179' title='bbox 970 2905 1132 2988; x_wconf 89' lang='lat' dir='ltr'>auderem,</span> <span class='ocrx_word' id='word_1_180' title='bbox 1164 2903 1439 2969; x_wconf 84' lang='lat' dir='ltr'>FRIDERICVM</span> <span class='ocrx_word' id='word_1_181' title='bbox 1472 2902 1619 2968; x_wconf 82' lang='lat' dir='ltr'>KLVGE</span> 
     </span>
     <span class='ocr_line' id='line_1_24' title="bbox 285 3011 1620 3097; baseline -0.004 -19"><span class='ocrx_word' id='word_1_182' title='bbox 285 3015 423 3078; x_wconf 90' lang='lat' dir='ltr'>amicum</span> <span class='ocrx_word' id='word_1_183' title='bbox 461 3017 584 3077; x_wconf 89' lang='lat' dir='ltr'>certum</span> <span class='ocrx_word' id='word_1_184' title='bbox 621 3012 764 3097; x_wconf 88' lang='lat' dir='ltr'>mihique</span> <span class='ocrx_word' id='word_1_185' title='bbox 805 3012 1157 3095; x_wconf 83' lang='lat' dir='ltr'>benevolentissimum,</span> <span class='ocrx_word' id='word_1_186' title='bbox 1196 3013 1287 3076; x_wconf 92' lang='lat' dir='ltr'>cuius</span> <span class='ocrx_word' id='word_1_187' title='bbox 1329 3012 1449 3076; x_wconf 84' lang='lat' dir='ltr'>auxilio</span> <span class='ocrx_word' id='word_1_188' title='bbox 1487 3012 1550 3074; x_wconf 91' lang='lat' dir='ltr'>iam</span> <span class='ocrx_word' id='word_1_189' title='bbox 1589 3011 1620 3073; x_wconf 93' lang='lat' dir='ltr'>in</span> 
     </span>
     <span class='ocr_line' id='line_1_25' title="bbox 287 3116 1622 3205; baseline -0.002 -22"><span class='ocrx_word' id='word_1_190' title='bbox 287 3121 417 3205; x_wconf 76' lang='lat' dir='ltr'>‘glossis</span> <span class='ocrx_word' id='word_1_191' title='bbox 449 3119 629 3184; x_wconf 88' lang='lat' dir='ltr'>nominum&#39;</span> <span class='ocrx_word' id='word_1_192' title='bbox 661 3120 791 3184; x_wconf 90' lang='lat' dir='ltr'>edendis</span> <span class='ocrx_word' id='word_1_193' title='bbox 823 3142 900 3184; x_wconf 90' lang='lat' dir='ltr'>usus</span> <span class='ocrx_word' id='word_1_194' title='bbox 933 3141 1049 3203; x_wconf 90' lang='lat' dir='ltr'>essem,</span> <span class='ocrx_word' id='word_1_195' title='bbox 1082 3121 1186 3182; x_wconf 90' lang='lat' dir='ltr'>denuo</span> <span class='ocrx_word' id='word_1_196' title='bbox 1218 3118 1399 3182; x_wconf 84' lang='lat' dir='ltr'>sollicitavi.</span> <span class='ocrx_word' id='word_1_197' title='bbox 1445 3117 1558 3201; x_wconf 90' lang='lat' dir='ltr'>Neque</span> <span class='ocrx_word' id='word_1_198' title='bbox 1589 3116 1622 3180; x_wconf 89' lang='lat' dir='ltr'>id</span> 
     </span>
     <span class='ocr_line' id='line_1_26' title="bbox 285 3224 1623 3310; baseline -0.006 -20"><span class='ocrx_word' id='word_1_199' title='bbox 285 3229 419 3292; x_wconf 85' lang='lat' dir='ltr'>frustra:</span> <span class='ocrx_word' id='word_1_200' title='bbox 438 3249 512 3290; x_wconf 89' lang='lat' dir='ltr'>nam</span> <span class='ocrx_word' id='word_1_201' title='bbox 532 3227 560 3290; x_wconf 89' lang='lat' dir='ltr'>is</span> <span class='ocrx_word' id='word_1_202' title='bbox 583 3227 664 3290; x_wconf 89' lang='lat' dir='ltr'>mihi</span> <span class='ocrx_word' id='word_1_203' title='bbox 683 3227 721 3291; x_wconf 90' lang='lat' dir='ltr'>de</span> <span class='ocrx_word' id='word_1_204' title='bbox 739 3226 851 3290; x_wconf 90' lang='lat' dir='ltr'>multis</span> <span class='ocrx_word' id='word_1_205' title='bbox 875 3225 1117 3310; x_wconf 87' lang='lat' dir='ltr'>quaestionibus</span> <span class='ocrx_word' id='word_1_206' title='bbox 1141 3224 1301 3288; x_wconf 87' lang='lat' dir='ltr'>indefesso</span> <span class='ocrx_word' id='word_1_207' title='bbox 1325 3224 1431 3286; x_wconf 88' lang='lat' dir='ltr'>studio</span> <span class='ocrx_word' id='word_1_208' title='bbox 1455 3224 1623 3304; x_wconf 88' lang='lat' dir='ltr'>respondit</span> 
     </span>
     <span class='ocr_line' id='line_1_27' title="bbox 286 3324 1620 3418; baseline -0.008 -21"><span class='ocrx_word' id='word_1_209' title='bbox 286 3334 435 3418; x_wconf 89' lang='lat' dir='ltr'>ipsasque</span> <span class='ocrx_word' id='word_1_210' title='bbox 468 3332 614 3418; x_wconf 87' lang='lat' dir='ltr'>plagulas</span> <span class='ocrx_word' id='word_1_211' title='bbox 646 3333 814 3417; x_wconf 89' lang='lat' dir='ltr'>percurrit.</span> <span class='ocrx_word' id='word_1_212' title='bbox 860 3332 991 3395; x_wconf 86' lang='lat' dir='ltr'>Praeter</span> <span class='ocrx_word' id='word_1_213' title='bbox 1013 3328 1217 3393; x_wconf 85' lang='lat' dir='ltr'><strong>KLVGIVM</strong></span> <span class='ocrx_word' id='word_1_214' title='bbox 1249 3328 1346 3391; x_wconf 88' lang='lat' dir='ltr'>etiam</span> <span class='ocrx_word' id='word_1_215' title='bbox 1379 3324 1620 3389; x_wconf 77' lang='lat' dir='ltr'><strong>EDVARDVS</strong></span> 
     </span>
     <span class='ocr_line' id='line_1_28' title="bbox 287 3432 1620 3523; baseline -0.007 -19"><span class='ocrx_word' id='word_1_216' title='bbox 287 3439 472 3504; x_wconf 77' lang='lat' dir='ltr'>SOEVERS</span> <span class='ocrx_word' id='word_1_217' title='bbox 495 3439 581 3503; x_wconf 91' lang='lat' dir='ltr'>haud</span> <span class='ocrx_word' id='word_1_218' title='bbox 609 3440 719 3523; x_wconf 89' lang='lat' dir='ltr'>paucis</span> <span class='ocrx_word' id='word_1_219' title='bbox 746 3440 827 3504; x_wconf 91' lang='lat' dir='ltr'>locis</span> <span class='ocrx_word' id='word_1_220' title='bbox 850 3460 900 3502; x_wconf 89' lang='lat' dir='ltr'>me</span> <span class='ocrx_word' id='word_1_221' title='bbox 929 3434 1064 3500; x_wconf 90' lang='lat' dir='ltr'>consilio</span> <span class='ocrx_word' id='word_1_222' title='bbox 1088 3438 1121 3498; x_wconf 90' lang='lat' dir='ltr'>et</span> <span class='ocrx_word' id='word_1_223' title='bbox 1149 3433 1295 3497; x_wconf 87' lang='lat' dir='ltr'>doctrina</span> <span class='ocrx_word' id='word_1_224' title='bbox 1323 3432 1460 3516; x_wconf 89' lang='lat' dir='ltr'>benigne</span> <span class='ocrx_word' id='word_1_225' title='bbox 1489 3432 1620 3495; x_wconf 87' lang='lat' dir='ltr'>adiuvit.</span> 
     </span>
    </p>

    <p class='ocr_par' dir='ltr' id='par_1_6' title="bbox 286 3538 1622 4479">
     <span class='ocr_line' id='line_1_29' title="bbox 377 3538 1620 3627; baseline -0.004 -19"><span class='ocrx_word' id='word_1_226' title='bbox 377 3546 404 3609; x_wconf 77' lang='lat'>7.</span> <span class='ocrx_word' id='word_1_227' title='bbox 428 3545 559 3611; x_wconf 87' lang='lat' dir='ltr'>Praeter</span> <span class='ocrx_word' id='word_1_228' title='bbox 578 3568 633 3610; x_wconf 88' lang='lat' dir='ltr'>eos</span> <span class='ocrx_word' id='word_1_229' title='bbox 651 3546 738 3610; x_wconf 81' lang='lat' dir='ltr'>viros</span> <span class='ocrx_word' id='word_1_230' title='bbox 761 3546 871 3609; x_wconf 87' lang='lat' dir='ltr'>doctos</span> <span class='ocrx_word' id='word_1_231' title='bbox 890 3564 970 3627; x_wconf 89' lang='lat' dir='ltr'>quos</span> <span class='ocrx_word' id='word_1_232' title='bbox 990 3541 1029 3604; x_wconf 91' lang='lat' dir='ltr'>de</span> <span class='ocrx_word' id='word_1_233' title='bbox 1048 3539 1194 3624; x_wconf 89' lang='lat' dir='ltr'>partibus</span> <span class='ocrx_word' id='word_1_234' title='bbox 1218 3539 1410 3624; x_wconf 90' lang='lat' dir='ltr'>quibusdam</span> <span class='ocrx_word' id='word_1_235' title='bbox 1429 3538 1526 3602; x_wconf 87' lang='lat' dir='ltr'>huius</span> <span class='ocrx_word' id='word_1_236' title='bbox 1545 3539 1620 3603; x_wconf 91' lang='lat' dir='ltr'>libri</span> 
     </span>
     <span class='ocr_line' id='line_1_30' title="bbox 287 3645 1621 3738; baseline -0.005 -21"><span class='ocrx_word' id='word_1_237' title='bbox 287 3653 407 3738; x_wconf 89' lang='lat' dir='ltr'>optime</span> <span class='ocrx_word' id='word_1_238' title='bbox 425 3653 558 3717; x_wconf 87' lang='lat' dir='ltr'>meritos</span> <span class='ocrx_word' id='word_1_239' title='bbox 577 3675 646 3717; x_wconf 89' lang='lat' dir='ltr'>esse</span> <span class='ocrx_word' id='word_1_240' title='bbox 666 3657 758 3737; x_wconf 87' lang='lat' dir='ltr'>grato</span> <span class='ocrx_word' id='word_1_241' title='bbox 777 3652 884 3715; x_wconf 90' lang='lat' dir='ltr'>animo</span> <span class='ocrx_word' id='word_1_242' title='bbox 903 3648 1066 3733; x_wconf 88' lang='lat' dir='ltr'>professus</span> <span class='ocrx_word' id='word_1_243' title='bbox 1086 3669 1167 3730; x_wconf 90' lang='lat' dir='ltr'>sum,</span> <span class='ocrx_word' id='word_1_244' title='bbox 1186 3651 1251 3710; x_wconf 91' lang='lat' dir='ltr'>tres</span> <span class='ocrx_word' id='word_1_245' title='bbox 1270 3645 1332 3709; x_wconf 87' lang='lat' dir='ltr'>viri</span> <span class='ocrx_word' id='word_1_246' title='bbox 1351 3646 1621 3710; x_wconf 88' lang='lat' dir='ltr'>commemorandi</span> 
     </span>
     <span class='ocr_line' id='line_1_31' title="bbox 286 3752 1621 3843; baseline -0.004 -20"><span class='ocrx_word' id='word_1_247' title='bbox 286 3764 362 3823; x_wconf 90' lang='lat' dir='ltr'>sunt</span> <span class='ocrx_word' id='word_1_248' title='bbox 385 3781 521 3843; x_wconf 92' lang='lat' dir='ltr'>quorum</span> <span class='ocrx_word' id='word_1_249' title='bbox 541 3759 648 3823; x_wconf 91' lang='lat' dir='ltr'>studia</span> <span class='ocrx_word' id='word_1_250' title='bbox 666 3764 699 3823; x_wconf 92' lang='lat' dir='ltr'>et</span> <span class='ocrx_word' id='word_1_251' title='bbox 716 3759 832 3822; x_wconf 88' lang='lat' dir='ltr'>merita</span> <span class='ocrx_word' id='word_1_252' title='bbox 850 3756 890 3820; x_wconf 92' lang='lat' dir='ltr'>ad</span> <span class='ocrx_word' id='word_1_253' title='bbox 909 3776 1019 3819; x_wconf 89' lang='lat' dir='ltr'>omnes</span> <span class='ocrx_word' id='word_1_254' title='bbox 1037 3758 1144 3838; x_wconf 85' lang='lat' dir='ltr'>partes</span> <span class='ocrx_word' id='word_1_255' title='bbox 1163 3752 1284 3837; x_wconf 90' lang='lat' dir='ltr'>pariter</span> <span class='ocrx_word' id='word_1_256' title='bbox 1307 3756 1465 3835; x_wconf 87' lang='lat' dir='ltr'>spectant:</span> <span class='ocrx_word' id='word_1_257' title='bbox 1489 3752 1621 3818; x_wconf 81' lang='lat' dir='ltr'><strong>FRAN·</strong></span> 
     </span>
     <span class='ocr_line' id='line_1_32' title="bbox 287 3857 1620 3949; baseline -0.004 -19"><span class='ocrx_word' id='word_1_258' title='bbox 287 3864 434 3930; x_wconf 81' lang='lat' dir='ltr'>ulsuvs</span> <span class='ocrx_word' id='word_1_259' title='bbox 453 3864 720 3930; x_wconf 80' lang='lat' dir='ltr'>BVEOHELER</span> <span class='ocrx_word' id='word_1_260' title='bbox 739 3867 797 3949; x_wconf 64' lang='grc' dir='ltr'>(ι-</span> <span class='ocrx_word' id='word_1_261' title='bbox 811 3860 952 3947; x_wconf 76' lang='lat' dir='ltr'>Bacch),</span> <span class='ocrx_word' id='word_1_262' title='bbox 976 3857 1228 3923; x_wconf 83' lang='lat' dir='ltr'>GVILELMVS</span> <span class='ocrx_word' id='word_1_263' title='bbox 1247 3857 1456 3923; x_wconf 82' lang='lat' dir='ltr'><strong>HERAEVS</strong></span> <span class='ocrx_word' id='word_1_264' title='bbox 1480 3858 1538 3946; x_wconf 84' lang='lat'>(=</span> <span class='ocrx_word' id='word_1_265' title='bbox 1553 3858 1620 3946; x_wconf 71' lang='lat' dir='ltr'>H),</span> 
     </span>
     <span class='ocr_line' id='line_1_33' title="bbox 288 3964 1619 4054; baseline -0.007 -18"><span class='ocrx_word' id='word_1_266' title='bbox 288 3969 551 4036; x_wconf 79' lang='lat' dir='ltr'>FRIDERIGVS</span> <span class='ocrx_word' id='word_1_267' title='bbox 572 3969 779 4036; x_wconf 83' lang='lat' dir='ltr'>SCHOELL:</span> <span class='ocrx_word' id='word_1_268' title='bbox 803 3968 859 4054; x_wconf 92' lang='lat' dir='ltr'>qui</span> <span class='ocrx_word' id='word_1_269' title='bbox 882 3989 946 4032; x_wconf 92' lang='lat' dir='ltr'>non</span> <span class='ocrx_word' id='word_1_270' title='bbox 969 3965 1065 4030; x_wconf 90' lang='lat' dir='ltr'>modo</span> <span class='ocrx_word' id='word_1_271' title='bbox 1088 3964 1229 4048; x_wconf 88' lang='lat' dir='ltr'>plagulis</span> <span class='ocrx_word' id='word_1_272' title='bbox 1252 3964 1468 4030; x_wconf 88' lang='lat' dir='ltr'>emaculandis</span> <span class='ocrx_word' id='word_1_273' title='bbox 1492 3987 1619 4050; x_wconf 88' lang='lat' dir='ltr'>operam</span> 
     </span>
     <span class='ocr_line' id='line_1_34' title="bbox 288 4070 1620 4160; baseline -0.008 -17"><span class='ocrx_word' id='word_1_274' title='bbox 288 4079 515 4143; x_wconf 88' lang='lat' dir='ltr'>dedicaverunt</span> <span class='ocrx_word' id='word_1_275' title='bbox 538 4078 710 4143; x_wconf 89' lang='lat' dir='ltr'>salutarem</span> <span class='ocrx_word' id='word_1_276' title='bbox 738 4074 1044 4160; x_wconf 85' lang='lat' dir='ltr'>typothetarumque</span> <span class='ocrx_word' id='word_1_277' title='bbox 1071 4070 1151 4134; x_wconf 84' lang='lat' dir='ltr'>vitia</span> <span class='ocrx_word' id='word_1_278' title='bbox 1173 4092 1192 4133; x_wconf 94' lang='lat' dir='ltr'>a</span> <span class='ocrx_word' id='word_1_279' title='bbox 1215 4093 1265 4134; x_wconf 84' lang='lat' dir='ltr'>me</span> <span class='ocrx_word' id='word_1_280' title='bbox 1293 4071 1440 4157; x_wconf 87' lang='lat' dir='ltr'>neglecta</span> <span class='ocrx_word' id='word_1_281' title='bbox 1466 4072 1620 4136; x_wconf 89' lang='lat' dir='ltr'>absterse-</span> 
     </span>
     <span class='ocr_line' id='line_1_35' title="bbox 286 4177 1621 4270; baseline -0.006 -20"><span class='ocrx_word' id='word_1_282' title='bbox 286 4189 371 4270; x_wconf 86' lang='lat' dir='ltr'>runt,</span> <span class='ocrx_word' id='word_1_283' title='bbox 395 4185 566 4249; x_wconf 85' lang='lat' dir='ltr'>sedetiam</span> <span class='ocrx_word' id='word_1_284' title='bbox 585 4207 674 4249; x_wconf 89' lang='lat' dir='ltr'>meos</span> <span class='ocrx_word' id='word_1_285' title='bbox 694 4204 817 4247; x_wconf 89' lang='lat' dir='ltr'>errores</span> <span class='ocrx_word' id='word_1_286' title='bbox 835 4203 901 4245; x_wconf 90' lang='lat' dir='ltr'>non</span> <span class='ocrx_word' id='word_1_287' title='bbox 921 4177 1019 4243; x_wconf 87' lang='lat' dir='ltr'>semel</span> <span class='ocrx_word' id='word_1_288' title='bbox 1042 4183 1256 4261; x_wconf 85' lang='lat' dir='ltr'>correxerunt,</span> <span class='ocrx_word' id='word_1_289' title='bbox 1285 4179 1502 4244; x_wconf 89' lang='lat' dir='ltr'>dubitationes</span> <span class='ocrx_word' id='word_1_290' title='bbox 1524 4179 1621 4243; x_wconf 92' lang='lat' dir='ltr'>modo</span> 
     </span>
     <span class='ocr_line' id='line_1_36' title="bbox 286 4283 1622 4372; baseline -0.006 -15"><span class='ocrx_word' id='word_1_291' title='bbox 286 4298 457 4358; x_wconf 84' lang='lat' dir='ltr'>moverunt</span> <span class='ocrx_word' id='word_1_292' title='bbox 484 4292 579 4357; x_wconf 90' lang='lat' dir='ltr'>modo</span> <span class='ocrx_word' id='word_1_293' title='bbox 608 4293 826 4372; x_wconf 82' lang='lat' dir='ltr'>removerunt,</span> <span class='ocrx_word' id='word_1_294' title='bbox 853 4286 1060 4351; x_wconf 86' lang='lat' dir='ltr'>difficultates</span> <span class='ocrx_word' id='word_1_295' title='bbox 1088 4283 1180 4348; x_wconf 89' lang='lat' dir='ltr'>docte</span> <span class='ocrx_word' id='word_1_296' title='bbox 1208 4285 1444 4370; x_wconf 80' lang='lat' dir='ltr'>explicuerunt,</span> <span class='ocrx_word' id='word_1_297' title='bbox 1471 4290 1622 4370; x_wconf 87' lang='lat' dir='ltr'>corrupta</span> 
     </span>
     <span class='ocr_line' id='line_1_37' title="bbox 286 4390 1622 4479; baseline -0.004 -17"><span class='ocrx_word' id='word_1_298' title='bbox 286 4400 423 4465; x_wconf 82' lang='lat' dir='ltr'>feliciter</span> <span class='ocrx_word' id='word_1_299' title='bbox 451 4399 713 4464; x_wconf 84' lang='lat' dir='ltr'>emendaverunt:</span> <span class='ocrx_word' id='word_1_300' title='bbox 742 4416 878 4479; x_wconf 89' lang='lat' dir='ltr'>quorum</span> <span class='ocrx_word' id='word_1_301' title='bbox 901 4391 1032 4456; x_wconf 89' lang='lat' dir='ltr'>nomina</span> <span class='ocrx_word' id='word_1_302' title='bbox 1055 4390 1140 4475; x_wconf 92' lang='lat' dir='ltr'>quod</span> <span class='ocrx_word' id='word_1_303' title='bbox 1166 4390 1351 4475; x_wconf 87' lang='lat' dir='ltr'>frequenter</span> <span class='ocrx_word' id='word_1_304' title='bbox 1373 4393 1508 4457; x_wconf 87' lang='lat' dir='ltr'>redeunt</span> <span class='ocrx_word' id='word_1_305' title='bbox 1532 4393 1622 4457; x_wconf 84' lang='lat' dir='ltr'>iuxta</span> 
     </span>
    </p>
   </div>
   <div class='ocr_carea' id='block_1_6' title="bbox 287 4500 1093 4590">
    <p class='ocr_par' dir='ltr' id='par_1_7' title="bbox 287 4500 1093 4590">
     <span class='ocr_line' id='line_1_38' title="bbox 287 4500 1093 4590; baseline -0.012 -20"><span class='ocrx_word' id='word_1_306' title='bbox 287 4528 412 4571; x_wconf 90' lang='lat' dir='ltr'>mecum</span> <span class='ocrx_word' id='word_1_307' title='bbox 435 4505 622 4590; x_wconf 89' lang='lat' dir='ltr'>gaudebunt</span> <span class='ocrx_word' id='word_1_308' title='bbox 645 4504 701 4588; x_wconf 93' lang='lat' dir='ltr'>qui</span> <span class='ocrx_word' id='word_1_309' title='bbox 723 4501 784 4565; x_wconf 89' lang='lat' dir='ltr'>hae</span> <span class='ocrx_word' id='word_1_310' title='bbox 807 4500 931 4584; x_wconf 87' lang='lat' dir='ltr'>sylloge</span> <span class='ocrx_word' id='word_1_311' title='bbox 953 4501 1093 4563; x_wconf 89' lang='lat' dir='ltr'>utentur.</span> 
     </span>
    </p>
   </div>
   <div class='ocr_carea' id='block_1_7' title="bbox 376 4620 1520 4778">
    <p class='ocr_par' dir='ltr' id='par_1_8' title="bbox 376 4620 1520 4778">
     <span class='ocr_line' id='line_1_39' title="bbox 376 4620 1520 4778; baseline -0.011 -83"><span class='ocrx_word' id='word_1_312' title='bbox 376 4630 501 4715; x_wconf 88' lang='lat' dir='ltr'>lenae,</span> <span class='ocrx_word' id='word_1_313' title='bbox 524 4650 635 4694; x_wconf 89' lang='lat' dir='ltr'>mense</span> <span class='ocrx_word' id='word_1_314' title='bbox 656 4625 825 4691; x_wconf 90' lang='lat' dir='ltr'>Decembri</span> <span class='ocrx_word' id='word_1_315' title='bbox 850 4645 876 4687; x_wconf 90' lang='lat' dir='ltr'>a.</span> <span class='ocrx_word' id='word_1_316' title='bbox 900 4620 1192 4688; x_wconf 79' lang='lat' dir='ltr'>MDCCCXCVIII.</span> <span class='ocrx_word' id='word_1_317' title='bbox 1424 4708 1454 4776; x_wconf 62' lang='lat' dir='ltr'>G</span> <span class='ocrx_word' id='word_1_318' title='bbox 1490 4710 1520 4778; x_wconf 62' lang='lat' dir='ltr'><strong>G</strong></span> 
     </span>
    </p>
   </div>
   <div class='ocr_carea' id='block_1_8' title="bbox 0 0 1883 5650">
    <p class='ocr_par' dir='ltr' id='par_1_9' title="bbox 0 0 1883 5650">
     <span class='ocr_line' id='line_1_40' title="bbox 0 0 1883 5650; baseline 0 0"><span class='ocrx_word' id='word_1_319' title='bbox 0 0 1883 5650; x_wconf 95' lang='lat' dir='ltr'> </span> 
     </span>
    </p>
   </div>
  </div>
 </body>
</html>
